@article{interpretml,
author = "Nori, Harsha and Jenkins, Samuel and Koch, Paul and Caruana, Rich",
year = "2019",
month = "09",
pages = "",
title = "InterpretML: A Unified Framework for Machine Learning Interpretability"
}
@book{gam,
  title={Generalized additive models},
  author={Hastie, Trevor J},
  year={2017},
  publisher={Routledge}
}
@inproceedings{ga2m,
  title={Accurate intelligible models with pairwise interactions},
  author={Lou, Yin and Caruana, Rich and Gehrke, Johannes and Hooker, Giles},
  booktitle={Proceedings of the 19th ACM SIGKDD international conference on Knowledge discovery and data mining},
  pages={623--631},
  year={2013}
}
@article{gbt,
  title={Greedy function approximation: a gradient boosting machine},
  author={Friedman, Jerome H},
  journal={Annals of statistics},
  pages={1189--1232},
  year={2001},
  publisher={JSTOR}
}
@article{pdp,
  title={All Models are Wrong, but Many are Useful: Learning a Variable's Importance by Studying an Entire Class of Prediction Models Simultaneously.},
  author={Fisher, Aaron and Rudin, Cynthia and Dominici, Francesca},
  journal={J. Mach. Learn. Res.},
  volume={20},
  number={177},
  pages={1--81},
  year={2019}
}
@inproceedings{shap,
  title={A unified approach to interpreting model predictions},
  author={Lundberg, Scott M and Lee, Su-In},
  booktitle={Proceedings of the 31st international conference on neural information processing systems},
  pages={4768--4777},
  year={2017}
}
@inproceedings{lime,
  title={" Why should i trust you?" Explaining the predictions of any classifier},
  author={Ribeiro, Marco Tulio and Singh, Sameer and Guestrin, Carlos},
  booktitle={Proceedings of the 22nd ACM SIGKDD international conference on knowledge discovery and data mining},
  pages={1135--1144},
  year={2016}
}
@article{multiplets,
title = {How training on multiple time slices improves performance in churn prediction},
journal = {European Journal of Operational Research},
volume = {295},
number = {2},
pages = {664-674},
year = {2021},
author = {Theresa Gattermann-Itschert and Ulrich W. Thonemann}
}
@inproceedings{mrmr,
  title={Maximum relevance and minimum redundancy feature selection methods for a marketing machine learning platform},
  author={Zhao, Zhenyu and Anand, Radhika and Wang, Mallory},
  booktitle={2019 IEEE International Conference on Data Science and Advanced Analytics (DSAA)},
  pages={442--452},
  year={2019},
  organization={IEEE}
}
@article{correlation,
author = {Harry Khamis},
title ={Measures of Association: How to Choose?},
journal = {Journal of Diagnostic Medical Sonography},
volume = {24},
number = {3},
pages = {155-162},
year = {2008}
}
@inproceedings{convergence_rareevents,
  title={Logistic Regression for Massive Data with Rare Events},
  author={Wang, HaiYing},
  booktitle={International Conference on Machine Learning},
  pages={9829--9836},
  year={2020},
  organization={PMLR}
}
@article{mining_rarity,
  title={Mining with rarity: a unifying framework},
  author={Weiss, Gary M},
  journal={ACM Sigkdd Explorations Newsletter},
  volume={6},
  number={1},
  pages={7-19},
  year={2004},
  publisher={ACM New York, NY, USA}
}
@article{smote,
  title={SMOTE: synthetic minority over-sampling technique},
  author={Chawla, Nitesh V and Bowyer, Kevin W and Hall, Lawrence O and Kegelmeyer, W Philip},
  journal={Journal of artificial intelligence research},
  volume={16},
  pages={321--357},
  year={2002}
}
@inproceedings{cost_sensitive,
  title={Cost-sensitive learning methods for imbalanced data},
  author={Thai-Nghe, Nguyen and Gantner, Zeno and Schmidt-Thieme, Lars},
  booktitle={The 2010 International joint conference on neural networks (IJCNN)},
  pages={1--8},
  year={2010},
  organization={IEEE}
}
@inproceedings{focal,
  title={Focal loss for dense object detection},
  author={Lin, Tsung-Yi and Goyal, Priya and Girshick, Ross and He, Kaiming and Doll{\'a}r, Piotr},
  booktitle={Proceedings of the IEEE international conference on computer vision},
  pages={2980--2988},
  year={2017}
}
@article{randomforest,
  title={Random forests},
  author={Breiman, Leo},
  journal={Machine learning},
  volume={45},
  number={1},
  pages={5--32},
  year={2001},
  publisher={Springer}
}
@article{anova_interaction,
  title={Generalized functional anova diagnostics for high-dimensional functions of dependent variables},
  author={Hooker, Giles},
  journal={Journal of Computational and Graphical Statistics},
  volume={16},
  number={3},
  pages={709--732},
  year={2007},
  publisher={Taylor \& Francis}
}
@article{pdf_interaction,
  title={Predictive learning via rule ensembles},
  author={Friedman, Jerome H and Popescu, Bogdan E},
  journal={The Annals of Applied Statistics},
  volume={2},
  number={3},
  pages={916--954},
  year={2008},
  publisher={Institute of Mathematical Statistics}
}
@article{guide,
  title={Regression trees with unbiased variable selection and interaction detection},
  author={Loh, Wei-Yin},
  journal={Statistica sinica},
  pages={361--386},
  year={2002},
  publisher={JSTOR}
}
@inproceedings{grove,
  title={Detecting statistical interactions with additive groves of trees},
  author={Sorokina, Daria and Caruana, Rich and Riedewald, Mirek and Fink, Daniel},
  booktitle={Proceedings of the 25th international conference on Machine learning},
  pages={1000--1007},
  year={2008}
}
@inproceedings{auprc,
  title={Area under the precision-recall curve: point estimates and confidence intervals},
  author={Boyd, Kendrick and Eng, Kevin H and Page, C David},
  booktitle={Joint European conference on machine learning and knowledge discovery in databases},
  pages={451--466},
  year={2013},
  organization={Springer}
}
@book{shapley,
  title={17. A value for n-person games},
  author={Shapley, Lloyd S},
  year={2016},
  publisher={Princeton University Press}
}
@article{verbekechurn,
  title={Building comprehensible customer churn prediction models with advanced rule induction techniques},
  author={Verbeke, Wouter and Martens, David and Mues, Christophe and Baesens, Bart},
  journal={Expert systems with applications},
  volume={38},
  number={3},
  pages={2354--2364},
  year={2011},
  publisher={Elsevier}
}